@article{briney2020,
	title = {Foundational Practices of Research Data Management},
	author = {Briney, Kristin and Coates, Heather and Goben, Abigail},
	year = {2020},
	month = {07},
	date = {2020-07-27},
	journal = {Research Ideas and Outcomes},
	pages = {e56508},
	volume = {6},
	doi = {10.3897/rio.6.e56508},
	url = {https://riojournal.com/article/56508/},
	note = {Publisher: Pensoft Publishers},
	langid = {en}
}

@article{klapwijk2023,
	title = {Best practices for documenting and organizing research projects},
	author = {Klapwijk, Eduard},
	year = {2023},
	month = {01},
	date = {2023-01-19},
	doi = {10.5281/ZENODO.7551576},
	url = {https://zenodo.org/record/7551576},
	langid = {en}
}
